03300000        2028141190000429334900003419266                         EMESCAM                       BANCO SANTANDER                         124052018      001000040                                                                          
03300011R01  030 2028141190000429                    334900003419266     EMESCAM                                                                                                       0000000024052018                                         
0330001300001P 013349501300051870130005187  5666124578002511  0282034        1505201900000000000015000000 17N240520183000000000000000000000000000000000000000000000000000000000000000000000000000000282034                  000300000           
0330001300002Q 011000011585038733DEUCLERIO SALLES                        AV. NOSSA SENHORA DA PENHA, 2190        SANTA LUIZA    29045402VITORIA        ES0000000000000000                                        000000000000                   
0330001300003S 012                                                                                                                                                                                                                              
03300015         000005                                                                                                                                                                                                                         
03399999         000001000007                                                                                                                                                                                                                   
